@article{Hoffman12,
   author = {{Hoffman}, M. and {Blei}, D.~M. and {Wang}, C. and {Paisley}, J.},
    title = "{Stochastic Variational Inference}",
  journal = {ArXiv e-prints},
archivePrefix = "arXiv",
   eprint = {1206.7051},
 primaryClass = "stat.ML",
 keywords = {Statistics - Machine Learning, Computer Science - Artificial Intelligence, Statistics - Computation, Statistics - Methodology},
     year = 2012,
    month = jun,
   adsurl = {http://adsabs.harvard.edu/abs/2012arXiv1206.7051H},
  adsnote = {Provided by the SAO/NASA Astrophysics Data System}
}

@article{Blei03,
 author = {Blei, David M. and Ng, Andrew Y. and Jordan, Michael I.},
 title = {Latent dirichlet allocation},
 journal = {J. Mach. Learn. Res.},
 issue_date = {3/1/2003},
 volume = {3},
 month = mar,
 year = {2003},
 issn = {1532-4435},
 pages = {993--1022},
 numpages = {30},
 url = {http://dl.acm.org/citation.cfm?id=944919.944937},
 acmid = {944937},
 publisher = {JMLR.org},
} 

